<record><leader>00000cas a22000007a 4500</leader><controlfield tag="001">16263301</controlfield><controlfield tag="008">870722d18831915njuwr ne      0    0eng d</controlfield><datafield ind1=" " ind2=" " tag="010"><subfield code="a">sn 87068034 </subfield></datafield><datafield ind1=" " ind2=" " tag="040"><subfield code="a">NJW</subfield><subfield code="b">eng</subfield><subfield code="c">NJW</subfield><subfield code="d">OCLCQ</subfield></datafield><datafield ind1=" " ind2=" " tag="042"><subfield code="a">msc</subfield></datafield><datafield ind1="0" ind2="0" tag="245"><subfield code="a">Bloomfield citizen.</subfield></datafield><datafield ind1=" " ind2=" " tag="260"><subfield code="a">Bloomfield, N.J. :</subfield><subfield code="b">Bloomfield Pub. Co.,</subfield><subfield code="c">1883-</subfield></datafield><datafield ind1=" " ind2=" " tag="310"><subfield code="a">Weekly</subfield></datafield><datafield ind1="0" ind2=" " tag="362"><subfield code="a">Vol. 1, no. 1 (Apr. 28, 1883)-</subfield></datafield><datafield ind1="1" ind2=" " tag="362"><subfield code="a">Ceased in July 1915.</subfield></datafield><datafield ind1=" " ind2=" " tag="752"><subfield code="a">United States</subfield><subfield code="b">New Jersey</subfield><subfield code="c">Essex</subfield><subfield code="d">Bloomfield.</subfield></datafield><datafield ind1="0" ind2="7" tag="785"><subfield code="t">Independent press (Bloomfield, N.J.)</subfield><subfield code="w">(DLC)sn 87068085</subfield><subfield code="w">(OCoLC)16263543</subfield></datafield><datafield ind1="0" ind2="7" tag="785"><subfield code="t">Independent press and Bloomfield citizen</subfield><subfield code="w">(DLC)sn 85035687</subfield><subfield code="w">(OCoLC)13825492</subfield></datafield></record>